<?xml version="1.0" encoding="UTF-8"?><collection xmlns="http://www.loc.gov/MARC21/slim"><record><leader>00460nam--2200133-i-4500</leader><controlfield tag="001">000046866</controlfield><controlfield tag="002">20161230</controlfield><controlfield tag="005">20161230201046</controlfield><controlfield tag="008">060222s1000------------r-----000-0-eng-d</controlfield><datafield ind1=" " ind2=" " tag="080"><subfield code="a">541.182.2:612.215:015</subfield></datafield><datafield ind1=" " ind2=" " tag="100"><subfield code="a">Volsy,Robert</subfield></datafield><datafield ind1=" " ind2=" " tag="245"><subfield code="a">Etude d`un appareil de prelevement d`aerosol avec separation dimensionnelle. chox et mise au point d`un appareil electrostatique</subfield></datafield><datafield ind1=" " ind2=" " tag="260"><subfield code="a">Grenoble, Univ.Sc.Et Medicale De Grenoble, 1972. 114 + 6 Pl</subfield></datafield><datafield ind1=" " ind2=" " tag="852"><subfield code="a">389874</subfield></datafield></record></collection>